2317 5309
394 915 511 979 Cusus
549 919 794 975 Rasrmrn

191 981 290 1047 flaturi
298 985 351 1063 fiiri
364 992 494 1075 obscoenus
509 987 617 1120 Corffiff
626 990 663 1046 rii
675 1011 732 1047 cum
742 989 909 1063 poenitente,
923 987 953 1048 id
965 987 1006 1048 est
1016 1033 1031 1060 ‚

556 1082 571 1119 e
603 1083 621 1120 o

193 1082 257 1120 cum
272 1062 387 1135 persona
401 1081 478 1138 cujus
491 1064 544 1120 criu
621 1082 685 1120 uem
703 1059 926 1123 sacramentalem
941 1067 1029 1125 etiam

192 1133 280 1195 semel
288 1138 409 1208 excepit,
425 1143 452 1194 &
464 1133 578 1195 vicissim
588 1137 745 1208 poenitentis
752 1157 815 1195 curn
826 1134 1010 1203 confessarioq

231 1213 336 1273 Norint
346 1229 438 1268 autem
448 1208 606 1276 Sacerdotes
614 1209 728 1280 quilibet
734 1209 856 1281 praedicti
865 1208 1031 1273 concubitite

195 1302 243 1343 aut
260 1280 344 1341 raditis
359 1278 485 1353 conscii,
507 1281 557 1342 fibi
576 1280 635 1354 ipso
656 1278 732 1343 fatto
749 1289 777 1342 dt
793 1286 893 1356 quovis
906 1303 962 1343 tem
992 1352 995 1357 Ι
1013 1305 1031 1343 e

190 1365 330 1429 lexcepto
340 1356 473 1417 duntaxat
482 1358 581 1419 mortis
590 1353 724 1422 articulo)
736 1355 797 1433 lege
807 1356 954 1435 prasentia
973 1379 1032 1417 em·

193 1448 270 1503 ptam
286 1427 339 1488 elle
356 1424 517 1509 facultatem
529 1429 692 1502 complicem
703 1426 781 1493 suam
790 1430 838 1491 uel
848 1429 927 1493 suum
942 1431 979 1493 ab
996 1434 1033 1492 iis

194 1499 356 1563 absolvendi
366 1553 375 1577 ,
386 1525 586 1578 quamcumque
600 1502 683 1563 ante‘a
698 1502 867 1564 obtinuerint
878 1553 887 1578 ,
897 1505 944 1566 vel
955 1502 1031 1583 post·

172 1576 311 1636 'modum
330 1577 504 1637 obtineanrit
523 1575 665 1637 reservatis
683 1574 845 1645 absolvendi
907 1576 1032 1642 estatem.

194 1647 308 1722 Insuper
319 1670 349 1711 ut
360 1653 395 1710 ab
404 1650 540 1710 audienda
550 1649 678 1727 deinceps
691 1671 788 1710 eorum
802 1598 969 1711 coniilbone
979 1673 1033 1725 pro

193 1728 291 1784 ceteris
300 1726 463 1796 quibussibet
472 1727 605 1798 peccatis,
617 1725 753 1797 quanttim
766 1726 795 1782 in
810 1723 873 1796 ipsis
883 1726 950 1800 erit,
961 1723 1031 1786 sem-

193 1802 243 1872 per'
252 1798 423 1872 abstineant,
436 1797 579 1864 salubriter
591 1805 773 1858 monemus&
787 1795 942 1860 hortamur.

233 1875 313 1933 XVI.
329 1873 484 1931 Iucrsrus
501 1877 530 1932 in
537 1876 628 1948 primo
647 1874 695 1933 uel
714 1875 743 1939 itt
751 1870 1034 1950 secundograducorr·

190 1948 393 2023 sanguinitatis
411 1950 459 2008 vel
475 1947 635 2027 affinitatis,
646 1945 706 2024 five
722 1969 773 2021 per
787 1948 896 2007 licitum
905 1945 966 2024 stur
981 1970 1037 2021 per

197 2023 331 2081 illicitum
341 2025 463 2096 copulam
476 2022 712 2097 contrabimumd
723 2022 1038 2093 lineamcollateralcrrt}

198 2092 226 2156 dt
238 2098 267 2154 in
274 2097 360 2172 gradu
368 2117 530 2173 quocumque,
549 2097 621 2154 uood
629 2097 731 2155 lineam
741 2098 847 2154 retiam.
886 2097 960 2159 uoin
971 2094 1037 2171 casu

196 2188 260 2228 reus
269 2169 315 2229 vel
325 2189 372 2229 rea
382 2174 425 2244 jus
434 2118 564 2244 exigendi
577 2168 700 2229 debiturn
709 2167 726 2226 it
736 2165 785 2243 sua
793 2167 840 2226 vel
865 2190 902 2229 uo
913 2171 1035 2245 con'uge

196 2238 258 2314 ipso
271 2238 347 2301 fasio
359 2245 476 2316 amittit,
494 2243 582 2302 donec
595 2242 637 2301 illi
646 2263 694 2314 per
703 2240 847 2313 specialem
857 2238 904 2300 dis
953 2190 1036 2302 litio·

197 2337 264 2376 nem
275 2313 426 2376 restitutum
438 2314 536 2388 fuerit,
547 2337 608 2389 quae
623 2337 715 2375 tamen
725 2314 828 2374 inclusa
839 2336 888 2374 cen
901 2315 990 2376 ebitur
1005 2320 1036 2377 'n

197 2387 330 2449 facultate
341 2410 424 2462 quarn
435 2390 512 2450 dabit
525 2393 652 2463 Superior
661 2387 823 2452 absolvendi
833 2389 868 2451 ab
877 2387 1041 2452 incestusbi

199 2462 352 2534 specialiter
362 2464 509 2529 declarato.
989 2498 996 2507 ,

237 2536 402 2610 Relir‘vatur
401 2537 604 2613 specialium
606 2539 696 2614 primo
703 2557 794 2599 tamen
799 2541 885 2617 gradu
892 2541 1040 2602 dmtoxatt

238 2615 333 2671 XVII.
353 2612 720 2687 lncrsrurspiritualis‚id
730 2611 956 2682 est,concubitus
967 2616 1039 2675 inter

201 2684 333 2757 personas
345 2685 477 2745 affinitate
490 2684 623 2758 spirituali
635 2689 803 2763 conjunctas.
822 2690 861 2750 Ac
884 2709 909 2751 t.
926 2686 1044 2760 quidem·

201 2760 275 2818 inter
294 2757 437 2832 personam
457 2759 625 2833 baptizatam
638 2767 666 2818 δι
681 2756 824 2831 personam
843 2758 1041 2832 baptizantem.

200 2857 231 2892 α.
244 2838 317 2893 Inter
329 2835 465 2906 patrinum
475 2841 502 2893 &
514 2838 661 2894 matrinam
670 2838 707 2895 'ex
725 2854 779 2905 uua
791 2844 868 2905 parte
880 2882 889 2906 ,
907 2843 934 2897 δι
944 2830 1040 2906 perso·

190 2927 271 2973 nam
286 2907 454 2979 baptizarem
471 2929 504 2974 ex
520 2909 618 2979 altera.
641 2910 664 2984 3⁸.
676 2910 801 2980 Denique
816 2909 886 2966 inter
896 2908 1043 2979 baptizan-

205 2998 262 3039 tem
273 3027 282 3052 ,
295 2983 431 3051 patrinum
444 2989 470 3039 &
482 2985 629 3048 matrinam
639 3003 673 3041 ex
684 3003 739 3040 una
748 3000 840 3054 parte,
851 2988 879 3038 dt
892 3000 997 3051 patrem
1007 3001 1042 3040 ae

206 3072 323 3112 matrem
335 3052 455 3124 personae
464 3054 608 3126 baptizarat
618 3074 652 3111 ex
665 3055 760 3112 altera.

243 3131 352 3187 XVlll.
371 3126 593 3185 onarnrtrum
616 3125 775 3202 quodlibet,
802 3125 886 3181 etiam
901 3120 1046 3198 fimplex,

207 3203 350 3276 conjugati
360 3198 459 3259 scilicet
469 3200 515 3260 vel
524 3201 677 3274 conjugatae
692 3218 755 3257 cum
771 3195 861 3256 soluto
876 3196 923 3258 vel
936 3197 1025 3259 soluta
1033 3224 1047 3274 ς

204 3272 229 3332 st
245 3293 337 3332 tamen
349 3279 490 3332 notorium
505 3271 552 3334 sits

245 3351 328 3406 XIX.
349 3350 595 3406 Concurrurrus
601 3348 708 3422 pariter
718 3345 851 3403 notorius:
861 3364 920 3417 quo
928 3348 1046 3406 nornine

209 3421 372 3494 intelligitur
381 3421 551 3482 Concubitus
566 3417 736 3494 frequens&
751 3416 868 3477 assuetus
882 3415 965 3478 soluti
981 3441 1046 3479 cum

206 3492 299 3582 soluta
308 3543 316 3566 ‚
324 3498 372 3566 qui
387 3493 436 3552 libi
447 3496 567 3556 inuicem
575 3542 584 3566 ,
593 3491 677 3552 instar
689 3495 780 3552 mariti
791 3499 818 3550 δι
828 3495 938 3565 uxoris,
951 3492 1005 3553 liv'e
1015 3496 1047 3553 in

209 3567 325 3641 iisdem,
338 3567 392 3628 five
404 3566 553 3628 indiversrs
566 3567 687 3636 aedibus,
701 3565 808 3629 notorii
821 3565 969 3629 adherent.

248 3645 314 3702 XX.
325 3641 467 3712 Rursum
478 3640 541 3701 etim
553 3643 650 3701 mulier
660 3641 706 3701 vel
714 3641 805 3713 puella
815 3637 928 3700 honesti
938 3643 1049 3716 vivent,

211 3714 266 3776 five
273 3714 425 3789 invita‚srve
433 3718 525 3777 invitis
534 3720 930 3794 ejusautpatreautmatte‚aut
936 3718 1052 3786 marito,

212 3790 329 3849 autaliis
339 3793 494 3862 inquorum
508 3788 640 3862 potestate
654 3788 709 3857 est,
720 3787 757 3848 ad
767 3789 971 3846 matrimonium
979 3808 1048 3846 con·

213 3860 395 3936 trahendum,
407 3865 451 3924 vel
460 3863 497 3929 ad
508 3863 671 3937 explendam
682 3861 843 3934 libidinem,
856 3859 1010 3920 abducitur.

251 3937 558 3998 &communicationem
584 3937 662 3997 labet
683 3936 738 4012 ipfit
757 3937 835 4014 fitt‘lo
854 3956 1010 4007 annexam,
1024 3932 1056 4012 fi

214 4013 385 4074 matrimonii
391 4016 491 4074 intuitu
500 4013 561 4087 plor,
569 4015 612 4074 eui
616 4011 797 4090 subjicimur
804 4029 893 4069 onmes
904 4005 1053 4088 confilium,
