2317 5309
493 988 495 993 .
549 944 611 1019 (a)

160 1021 285 1081 &donec
293 1036 380 1095 ponat
389 1019 541 1084 Jerusalem
549 1022 661 1081 laudem
669 1023 698 1083 iu
707 1019 837 1081 terraSit
843 1022 1010 1080 itadceomm

160 1095 232 1155 illud
241 1099 336 1154 orandi
344 1117 394 1169 pro
401 1118 437 1168 po
456 1097 500 1153 ulo
512 1117 607 1153 munus
620 1093 676 1171 ,fit
689 1095 769 1156 vobis
776 1095 899 1155 levamen
905 1093 931 1154 ὃ·
933 1095 1011 1170 fiilo-

160 1173 249 1238 tium,
265 1190 399 1229 nonanus.
411 1118 490 1245 distr
500 1188 529 1228 ut
538 1168 588 1228 fiat
602 1175 630 1228 in
644 1188 788 1240 peccatum
801 1171 853 1238 (a)
865 1214 874 1239 ,
887 1177 956 1245 quod
963 1173 1011 1226 de-

162 1244 205 1302 bet
213 1244 260 1319 effe
270 1245 299 1301 in
310 1243 440 1300 medelam
453 1241 479 1302 ἃ
492 1246 691 1311 munimentum.
706 1245 844 1317 constituti
852 1265 902 1316 pro
910 1243 1012 1315 populo

161 1323 194 1377 in
205 1321 240 1376 iis
250 1319 309 1390 quae
323 1314 386 1375 sunt
398 1318 433 1377 ad
448 1321 540 1376 Deum
552 1317 620 1388 ib),
638 1340 690 1375 non
699 1318 837 1390 opponetis
844 1335 1012 1391 perpeccota

162 1392 267 1451 nubem
285 1391 332 1461 (c)
347 1412 383 1448 ne
399 1394 491 1450 oratio
510 1391 641 1451 transeat.
664 1390 707 1449 At
721 1392 791 1448 enim
809 1389 849 1448 ibi
864 1389 1011 1449 sollieiriris

161 1463 374 1524 formidandum
390 1465 455 1536 (d),
466 1469 560 1538 nequi
574 1467 685 1537 placare
698 1470 770 1524 iram
780 1461 857 1536 poffe
871 1464 1012 1533 creditur,

162 1536 236 1597 hanc
256 1536 314 1609 ipse
335 1560 368 1598 ex
391 1544 507 1611 proprio
531 1559 611 1600 reatu
627 1559 765 1598 vereatur.
793 1538 851 1596 Sed
873 1539 937 1614 quid
951 1538 1015 1610 plu-

163 1633 194 1669 ra
208 1619 223 1671 i
236 1609 341 1686 Nempi
351 1611 411 1687 esset
424 1614 595 1689 contumelia
603 1613 783 1672 Sacerdotum
797 1612 846 1683 (e)
859 1613 894 1670 de
907 1612 1014 1672 divinis

163 1685 284 1744 cultibus
298 1685 461 1756 admoneri3
475 1688 550 1761 quod
563 1691 638 1747 enim
647 1686 696 1759 ipfi
705 1687 808 1747 debent
820 1689 945 1759 exigere,
959 1705 1015 1745 tur·

155 1762 239 1843 apiter
258 1764 413 1834 exiguntur.
436 1761 499 1820 Hoc
516 1759 542 1820 ἃ
562 1784 614 1822 nos
634 1763 663 1820 itt
681 1779 766 1819 mente
778 1760 893 1826 hebete,
915 1757 1013 1834 Pasto-

158 1843 206 1894 'res
218 1877 228 1900 ,
241 1855 319 1892 arma
333 1833 424 1894 vestra
435 1835 483 1910 effe
496 1839 640 1895 orationes
660 1837 708 1913 (f)
723 1843 750 1894 ὃ(
765 1836 912 1906 lacrymas.
924 1834 1015 1892 Fidite

164 1908 229 1978 plus
244 1912 366 1968 orationi
385 1909 460 1986 (g),
479 1908 563 1982 qu‘am
579 1909 672 1970 vestrae
692 1907 833 1968 industriae
845 1907 891 1968 vel
907 1906 1010 1968 labori.

96 2049 98 2053 ἲ
163 1981 310 2042 Plorantes
323 2002 411 2040 aurem
423 1984 473 2054 (lt)
486 1989 559 2043 inter
568 1983 737 2044 vestibulum
748 1990 774 2041 δι
784 1985 889 2050 altare,
901 2003 1015 2039 memen-

146 2117 147 2120 ,
165 2073 236 2126 tote,
250 2058 359 2115 orando
375 2078 428 2116 vos
443 2055 520 2129 poss'e
532 2057 663 2131 perficere
677 2058 721 2131 (ι’)
736 2055 813 2130 quod
827 2077 885 2114 non
899 2053 1013 2127 poliens

166 2129 296 2188 docendo
306 2129 465 2204 suggerere,
474 2155 553 2209 eaque
563 2152 623 2191 tune
633 2131 659 2192 δ’
670 2133 856 2206 itapotettsad
861 2129 1012 2202 Principem

158 2201 311 2277 ⁷pastorum
330 2207 479 2278 deprecatio
490 2209 574 2282 vestra
587 2203 775 2284 dirigetur,'ut
790 2207 887 2264 timeat
899 2207 1010 2261 oratio·

169 2299 235 2337 nem
248 2279 290 2348 (i)
301 2282 349 2351 qui
359 2277 553 2352 contempserit
562 2280 795 2339 admonitionem.
805 2281 866 2336 Oro
873 2294 903 2333 ut
912 2280 1013 2335 caritas

167 2349 261 2410 vestra
272 2349 363 2427 magis
377 2373 409 2411 ae
421 2352 511 2428 magis
520 2355 640 2415 abundet
654 2352 717 2425 (l),
731 2371 762 2412 ut
773 2349 828 2410 srtis
839 2348 940 2421 repleti
950 2347 1012 2410 fru-

165 2426 212 2486 eru
220 2423 331 2500 justitiae
344 2431 374 2486 in
384 2428 505 2502 gloriam
517 2435 544 2487 δι
558 2427 670 2486 laudem
679 2430 749 2485 Dei:

188 2565 310 2636 ‚Datum
322 2567 457 2630 Noniomi
469 2614 480 2637 ,
494 2569 523 2626 in
539 2567 656 2627 Palatio
675 2568 759 2642 nostro
777 2566 956 2644 Episcopali,
969 2567 1014 2642 die

156 2643 253 2794 Jrimd
263 2643 358 2718 menſss
367 2642 436 2708 thlii
445 2665 514 2703 anno
522 2642 662 2721 millrfimo
667 2641 897 2721 septingentefimo
903 2641 1016 2718 sexage-

174 2737 350 2797 tmo·quarto.·
710 2736 712 2741 '

420 2904 440 2978 †
461 2911 488 2968 J.
509 2912 563 2968 FR.
585 2905 677 2980 Epist.
699 2911 783 2970 Com.
803 2901 1013 2968 Noviomensn.

203 3101 248 3158 De
268 3093 411 3161 Mandato
436 3091 613 3153 Illustriffimi
638 3101 666 3151 &
693 3089 925 3153 Reverendiffimi
946 3074 1012 3147 DD'.

238 3169 505 3245 Episcopi—Comitis
525 3167 752 3240 Noviomenfis,
773 3170 849 3225 Paris
871 3165 990 3224 Francia
1001 3205 1011 3233 ,

718 3295 884 3353 L'ELEU.

181 3368 253 3573 {a}
273 3369 360 3418 Psalm.
376 3370 432 3419 108.

220 3438 234 3486 b
265 3439 338 3486 Hebt.
352 3457 375 3501 5.
450 3493 451 3496 Ἴ

216 3505 244 3574 c)
257 3511 347 3557 Thren·
361 3524 383 3567 3.

202 3572 250 3634 (d)
267 3582 366 3644 Gregor.
378 3574 407 3626 de
422 3582 486 3627 Cura
502 3575 561 3626 Past.
573 3581 636 3627 Part.
657 3594 679 3628 r.
695 3593 749 3642 cap.
769 3593 808 3626 tt.

194 3641 247 3710 ie]
261 3651 332 3712 Greg.
350 3648 413 3696 Libe.
428 3664 448 3705 3.
463 3646 531 3711 Epist.
547 3667 568 3710 ς.
583 3645 614 3695 ad
627 3647 739 3697 Bonifae.
757 3647 835 3711 Epist.

202 3713 237 3775 (f
245 3717 251 3779 1
272 3720 349 3763 Cone.
367 3715 506 3765 Mediolon.
520 3730 540 3762 1.
554 3719 579 3763 Ρ.
591 3735 616 3766 2.

201 3779 239 3915 ((g
247 3795 255 3841 >
270 3782 385 3836 Bernard.
399 3784 430 3833 de
440 3781 535 3833 Confid.
550 3785 614 3833 Libr.
625 3799 652 3843 4.
667 3799 721 3849 cap.
733 3800 757 3843 4.

105 3860 108 3867 '
225 3855 240 3902 h
268 3853 329 3902 roei.
345 3867 368 3903 ι.
639 3879 642 3887 =

201 3916 212 3981 (
224 3860 255 3981 ii)
269 3925 347 3970 Autor
358 3921 421 3970 Libri
433 3919 462 3971 de
472 3924 528 3971 Vita
538 3921 671 3986 contempl.
690 3918 786 3970 sacerd.
797 3920 860 3969 Libe.
874 3936 898 3975 r.
908 3937 961 3988 cap.
973 3938 1013 3983 ¹7·

204 3983 247 4054 (Is)
265 3986 376 4038 Bernard.
394 3987 425 4040 de
439 3989 533 4042 confid.
551 3991 615 4040 Libr.
633 4004 721 4053 φωρ,
734 3987 778 4036 ult.
877 4048 879 4051 Ι

203 4053 215 4119 ί
222 4054 249 4124 i)
266 4058 371 4125 Philipp.
384 4075 406 4112 ι.
