2317 5309
166 1033 215 1095 dos
227 1030 442 1111 efficenficimus.
454 960 627 1094 Retinbbls
639 1054 729 1096 tamen
742 1038 905 1118 exantiquis
915 1042 1020 1124 aliquot

161 1109 261 1186 fincero
273 1110 415 1188 religionis
426 1108 522 1188 affeetu
532 1112 763 1173 commendabiles.

202 1185 375 1251 Orationes,
383 1182 432 1259 scu
439 1184 554 1244 Collelle
562 1184 606 1262 ,β
615 1187 768 1265 quandoqul
775 1187 1021 1267 transpqfitesunt,

124 1289 125 1293 ¹
168 1257 213 1331 (ἃ
229 1260 264 1319 id
272 1258 470 1412 rariquidem)
483 1258 542 1317 ideb
549 1261 658 1336 sallum
673 1264 707 1337 est
720 1307 729 1332 ,
744 1281 775 1320 ut
787 1263 943 1342 Evangelio
965 1269 1022 1326 diei

167 1332 256 1412 magis
269 1355 343 1409 appo
352 1332 390 1392 cti
402 1333 574 1410 consonarent
580 1357 595 1407 ;
603 1333 633 1411 fi
642 1354 747 1394 mutate
759 1337 961 1414 nonntotqueim,
976 1340 1027 1402 vel

164 1404 177 1466 l
190 1409 424 1468 Sacramentariis
436 1409 568 1470 veteribus
581 1428 717 1484 extenua,
725 1412 773 1471 vel
780 1415 819 1470 ad
820 1417 900 1486 piam
913 1415 1023 1493 antiqui

159 1482 441 1614 flyffmplicitatem
454 1487 656 1559 accommodate
661 1483 735 1559 sunt.

235 1558 324 1616 abetis
334 1556 417 1631 &pre
431 1558 556 1617 manibus
571 1563 610 1619 ed
620 1558 747 1636 Officium
759 1559 880 1633 Capituli
883 1558 1023 1635 seleltosb

171 1630 298 1690 conciliis
307 1633 496 1710 generalibus,
511 1633 665 1712 Synodtfire
680 1631 828 1693 Provincia
846 1653 894 1691 aut
908 1634 1022 1693 Diaet-

160 1702 202 1781 fis
218 1708 305 1781 nostra
322 1709 462 1779 Catones,
479 1709 637 1782 primevam
660 1705 687 1766 ἃ
705 1707 853 1781 prestruem
877 1707 1018 1785 Ecclesia,

165 1780 249 1838 etiam
265 1779 429 1856 Dioecefitna
437 1826 448 1852 ,
466 1779 638 1858 disciplinam
654 1780 830 1840 exhibentes:
845 1778 872 1840 ἃ
890 1784 935 1858 qui
957 1805 1020 1845 mos

166 1853 211 1912 ubi
229 1855 328 1942 uestri
343 1857 405 1933 jam
424 1855 545 1928 obtinet,
559 1856 627 1915 bum
644 1853 671 1915 Et
688 1854 739 1931 ipsi
755 1854 833 1913 nobis
849 1854 1018 1930 libentiffime

164 1930 202 1987 ad
214 1930 341 1990 eivzmus.
824 1953 828 1958 ·

203 2002 240 2061 ln
253 2001 447 2082 Rubricisfieri
459 2005 635 2064 mutationem
649 2004 771 2084 aliquam
781 2025 849 2078 expo
863 2003 1022 2078 eebatpror-

164 2074 213 2136 sies
228 2077 387 2156 Officionem
402 2080 525 2157 dignitas
538 2077 564 2139 ἃ
577 2083 642 2139 ordo
656 2101 750 2138 novus.
767 2079 815 2136 Sic
871 2080 941 2140 diem
956 2077 1019 2137 Do-

164 2153 298 2210 minicam
312 2157 395 2212 decere
411 2153 500 2230 visum
514 2157 642 2229 esttenete
654 2155 740 2212 locum
754 2154 824 2212 inter
832 2152 910 2241 Festa
916 2154 1020 2228 princi-

160 2248 224 2300 pem
238 2224 315 2286 &iis
320 2227 491 2303 solummodb
502 2231 605 2296 cedere,
619 2249 670 2306 que
684 2229 792 2287 tertiam
806 2228 835 2286 in
844 2226 963 2304 Ecclesta
973 2249 1020 2285 no-

161 2303 217 2376 stra
234 2301 348 2377 Clafflm
362 2302 524 2361 celebritatis
537 2302 675 2361 obtinent:
684 2301 726 2380 fic
742 2300 928 2378 &liutiuofis
941 2301 1021 2380 Qua·

165 2375 352 2454 dragefimalis
360 2378 520 2451 poenitentia
532 2377 693 2452 temporibus
703 2398 779 2434 omne
793 2376 899 2454 Festum
910 2381 948 2435 ad
960 2376 1020 2435 alia

164 2469 287 2525 tempora
301 2452 446 2528 transferri
458 2454 626 2526 precepimus
636 2474 651 2524 ,·
671 2452 781 2527 exceptd
789 2495 799 2518 ,
809 2468 921 2525 propttr
935 2450 1021 2510 bono·

166 2547 220 2582 rem
234 2523 356 2583 Domini
375 2525 402 2585 l?
416 2525 583 2601 sartltiffime
596 2526 704 2584 Matris
724 2527 804 2608 ejus,
821 2525 959 2603 infigniori
969 2524 1020 2600 fh·

167 2599 310 2658 lemnitate
322 2599 526 2660 Incamationis
547 2599 686 2670 Domini,
700 2598 749 2675 feu
768 2601 1020 2659 Annuntiationis:

164 2672 201 2748 fic
215 2673 323 2732 demum
338 2673 415 2733 &ab
425 2676 535 2736 Ollava
550 2677 680 2734 Omnium
692 2677 868 2742 Sannorm,
877 2695 907 2731 eo
919 2691 972 2731 tem
991 2696 1021 2732 o·

167 2770 193 2805 re
206 2771 257 2824 quo
273 2749 391 2808 Sanlios
409 2772 499 2808 omnes
513 2751 625 2825 proprio
643 2751 714 2808 cultu
726 2763 868 2808 veneratur
878 2695 996 2824 Ecclesia
1004 2776 1023 2816 ·,

170 2823 275 2896 Festum
287 2845 365 2882 omne
374 2826 509 2899 peculiare
519 2825 616 2884 Sentii
632 2823 768 2901 cujustibet
781 2823 959 2884 amovendum
974 2817 1023 2897 effe

171 2895 327 2972 censuimus.
500 2952 504 2957 .
749 2947 752 2952 .

205 2971 383 3031 Mandamus
400 2991 489 3031 autem
505 2971 709 3048 &precipimus
727 2968 850 3028 omnibus
868 2967 895 3029 lt
904 2967 1022 3048 fingulis

169 3048 255 3118 nostra
269 3045 424 3123 Dioeceseas
438 3048 575 3122 Eeclefiis,
586 3048 723 3122 Capitulis
733 3043 947 3121 ‚Monasteriis,
962 3047 1023 3105 col-

168 3119 272 3197 legiis,
296 3121 562 3191 communitatibus,
583 3145 680 3181 necnon
701 3119 823 3180 omnibus
842 3120 954 3180 Clericis
974 3144 1023 3180 no-

160 3196 218 3269 stro
235 3197 362 3273 regimini
365 3194 507 3271 fitbditis,
521 3201 560 3256 ad
571 3199 694 3258 divinum
708 3195 852 3275 officim,
859 3193 921 3270 five
930 3195 1022 3269 publi·

167 3268 196 3326 ci
208 3314 219 3337 ,
227 3268 290 3346 five
296 3268 433 3344 privatim
442 3273 573 3347 astrillis.‚
584 3292 614 3330 ut
627 3272 676 3330 ltoc
686 3270 849 3336 Brevian'o,
864 3271 1023 3328 aulloritate

167 3346 280 3418 noflrd,
298 3340 328 3403 δ’
346 3349 378 3404 de
399 3346 521 3421 consinfie
540 3347 660 3421 Capituli
676 3342 792 3421 Ecclestu
812 3346 896 3418 nostre
915 3342 1024 3404 Novio·

167 3418 284 3495 mensts,
298 3421 371 3478 edito
388 3438 499 3478 utantur
511 3423 540 3478 in
553 3423 684 3496 posterum
691 3443 705 3492 ,·
718 3417 830 3495 districti
845 3419 972 3480 videlicet
984 3420 1026 3475 in·

169 3490 289 3550 ltibentes
302 3515 335 3551 ne
352 3494 433 3552 aliud
451 3495 604 3571 quodlibet,
616 3495 677 3571 five
687 3493 793 3569 publici
807 3493 837 3551 in
851 3492 936 3553 choro
945 3490 1024 3569 ,five

166 3565 302 3640 privatim
317 3586 394 3627 extra
408 3569 522 3627 Chorurn
534 3573 643 3628 recitare
649 3570 814 3646 presumant.

205 3640 256 3700 De
269 3660 372 3711 cetero,¹
388 3643 500 3707 Fratres
511 3645 638 3719 cartfflmi
652 3689 664 3712 ,
682 3667 749 3719 opus
763 3645 832 3718 istud
841 3643 913 3719 quod
924 3660 1024 3697 aman-

169 3732 211 3774 ter
220 3715 359 3846 oqerimus
371 3717 452 3780 vobis
464 3764 475 3787 ,
489 3721 521 3777 ed
534 3738 619 3777 mente
635 3722 686 3796 qud
699 3740 748 3776 nos
764 3716 965 3775 elaboravimus
978 3711 1024 3784 θ,

171 3811 237 3846 auxi
250 3793 323 3848 iante
332 3790 413 3864 Deo,
423 3797 530 3853 tandem
542 3791 729 3869 abfitlvimus,
745 3791 899 3865 excipiatis.
911 3785 1024 3846 Novum

170 3863 312 3922 exhibetur
334 3869 456 3942 inopere
467 3868 617 3946 substillum
638 3870 677 3925 ad
687 3858 1026 3996 perfirlvendumguprtmo

168 3936 289 3997 Numini
303 3941 399 3999 laudis
412 3944 519 4002 omninb
536 3941 626 4000 debita
642 3941 760 4018 vectigal
768 3984 779 4007 ‚
792 3938 873 3996 novis
931 3954 1026 4009 pietas

172 4014 244 4072 Cleri
271 4016 336 4086 ostri
333 4014 435 4091 floreat
443 4017 628 4077 incrementis!
637 4019 695 4090 Qui
705 4009 1035 4075 reminisciminibom'x-

170 4087 730 4158 ni(asennaeumdesistentium
739 4096 778 4165 ei,'
787 4090 1048 4170 donssstab'bm,

194 4171 349 4247 (afllio‘t.
826 4210 884 4266 aiv
